% This file was created with JabRef 2.10.
% Encoding: UTF8


@Misc{oetiker1995not,
  Title                    = {The not so short introduction to LATEX2$\varepsilon$},

  Author                   = {Oetiker, Tobias and Partl, Hubert and Hyna, Irene and Schlegl, Elisabeth},
  Year                     = {1995},

  Url                      = {https://tobi.oetiker.ch/lshort/lshort.pdf}
}

